=LDR  00000nam a22000003i 4500
=005  20250712230650.9
=008  250713s1977||||nyu||||||||||||||\||eng||
=024  8\$a4007
=033  0\$a19770614
=040  \\$aUkOxU$beng$erda$cUkOxU
=245  00$aKorean works of art.
=264  \1$aNew York :$bSotheby Parke Bernet Inc,$c[1977?]
=264  \\$a© 1977
=300  \\$aapproximately 68 pages ;$c24 cm
=336  \\$atext$2rdacontent
=337  \\$aunmediated$2rdamedia
=338  \\$avolume$2rdacarrier
=500  \\$aincluding important Lo-Lang lacquer cup, old Silla period gold jewelry, highly important Silla silver belt, Silla gilt bronzes, good Koryŏ celadons, including Kangjin kilns pieces, Koryŏ bronzes; rare Yi silver cup and pick, fine Yi red wares, Yi blue and white wares.
=876  \\$p309046988$zDonated by the Ashmolean Museum.$zwater damage throughout; some pages stuck together
=904  \\$aOxford Local Record

