=LDR  00000nam a22000003i 4500
=005  20250712230650.9
=008  250713s1977||||nyu||||||||||||||\||eng||
=024  8\$a4008
=033  1\$a19770614$a19770615
=040  \\$aUkOxU$beng$erda$cUkOxU
=245  00$aJapanese and other Asian works of art.
=264  \1$aNew York :$bSotheby Parke Bernet Inc,$c[1977?]
=264  \\$a© 1977
=300  \\$aapproximately 144 pages ;$c24 cm
=336  \\$atext$2rdacontent
=337  \\$aunmediated$2rdamedia
=338  \\$avolume$2rdacarrier
=500  \\$aKorean, Indian, Kashmire, tibetan, Nepalese, Southeast Asian works of art; Japanese prints, drawings, paintings, screens, illustrated books, reference books, swords, fittings, armour, ceramics and porcelains, ivories, metalwork, sculpture, wood and ivory netsuke, inro, lacquer especially good Indian and Southeast Asian stone sculpture, highly important Kashmir figure of Raktalokesvara, good 18th century Tibetan tanka of a Mahāsiddha, a fine pair of screens attribted to Kano Tanyu, highly important Nara dry lacquer figure of Monju.
=876  \\$p309046989$zDonated by the Ashmolean Museum.
=904  \\$aOxford Local Record

