=LDR  00000nam a22000003i 4500
=005  20250712230650.9
=008  250713s1977||||nyu||||||||||||||\||eng||
=024  8\$a4042
=033  1\$a19771103$a19771104
=040  \\$aUkOxU$beng$erda$cUkOxU
=245  00$aJapanese and other Asian works of art and a highly important American collection of early Japanese Buddhist & Shinto paintings and sculptures (Part 1).
=264  \1$aNew York :$bSotheby Parke Bernet Inc,$c[1977?]
=264  \\$a© 1977
=300  \\$aapproximately 212 pages ;$c24 cm
=336  \\$atext$2rdacontent
=337  \\$aunmediated$2rdamedia
=338  \\$avolume$2rdacarrier
=500  \\$aa monumental Heian wood figure of a bodhisattva; a series of Chola and other Indian bronzes and stone; an early  Nepalese bronze of Syamatara; a fine Javanese bronze of Prajñāpāramitā; Japanese printings, sculpture, bronzes, lacquer, swords, fittings, prints, drawings, screens, ceramics, netsuke, inro, lacquer; Korean, Tibetan, Nepaliese, Indian and Southeast Asian works of art.
=876  \\$p309046991$zDonated by the Ashmolean Museum.
=904  \\$aOxford Local Record

