=LDR  00000nam a22000003i 4500
=005  20250712230650.9
=008  250713s1977||||nyu||||||||||||||\||eng||
=024  8\$a4005
=033  1\$a19770610$a10770611
=040  \\$aUkOxU$beng$erda$cUkOxU
=245  04$aThe contents of Mountain Crest, the collection of Mrs. Loyce Mayfield.
=264  \1$aNew York :$bSotheby Parke Bernet Inc,$c[1977?]
=264  \\$a© 1977
=300  \\$aapproximately 96 pages ;$c24 cm
=336  \\$atext$2rdacontent
=337  \\$aunmediated$2rdamedia
=338  \\$avolume$2rdacarrier
=500  \\$aa fine collection of birds modelled by Dorothy Doughty and Edward Marshall Boehm, oriental works of arts, fine oriental rugs and carpets, Paul Storr George III silver soup tureen and cover, furniture and other decorative arts.
=876  \\$p309046992$zDonated by the Ashmolean Museum.
=904  \\$aOxford Local Record

