=LDR  00000nam a22000003i 4500
=005  20250712230650.9
=008  250713s1977||||nyu||||||||||||||\||eng||
=024  8\$a4043
=033  0\$a19771105
=040  \\$aUkOxU$beng$erda$cUkOxU
=245  00$aChinese ceramics and works of art.
=264  \1$aNew York :$bSotheby Parke Bernet Inc,$c[1977?]
=264  \\$a© 1977
=300  \\$aapproximately 116 pages ;$c24 cm
=336  \\$atext$2rdacontent
=337  \\$aunmediated$2rdamedia
=338  \\$avolume$2rdacarrier
=876  \\$p309046993$zDonated by the Ashmolean Museum.$zwater damage throughout; some pages stuck together
=904  \\$aOxford Local Record

