=LDR  00000nam a22000003i 4500
=005  20250712230650.9
=008  250713s1978||||nyu||||||||||||||\||eng||
=024  8\$a4074
=033  0\$a19780128
=040  \\$aUkOxU$beng$erda$cUkOxU
=245  00$aOriental rugs and carpets :$bproperty of various owners.
=264  \1$aNew York :$bSotheby Parke Bernet Inc,$c[1978?]
=264  \\$a© 1978
=300  \\$aapproximately 32 pages ;$c24 cm
=336  \\$atext$2rdacontent
=337  \\$aunmediated$2rdamedia
=338  \\$avolume$2rdacarrier
=876  \\$p309046996$zDonated by the Ashmolean Museum.
=904  \\$aOxford Local Record

