=LDR  00000nam a22000003i 4500
=005  20250712230650.9
=008  250713s1979||||nyu||||||||||||||\||eng||
=024  8\$a4326
=033  0\$a19791214
=040  \\$aUkOxU$beng$erda$cUkOxU
=245  00$aFine oriental miniatures, manuscripts, Islamic works of art, and 19th century paintings :$bproperty of various owners.
=264  \1$aNew York :$bSotheby Parke Bernet Inc,$c[1979?]
=264  \\$a© 1979
=300  \\$aapproximately 126 pages ;$c24 cm
=336  \\$atext$2rdacontent
=337  \\$aunmediated$2rdamedia
=338  \\$avolume$2rdacarrier
=876  \\$p309046997$zDonated by the Ashmolean Museum.
=904  \\$aOxford Local Record

