=LDR  00000nam a22000003i 4500
=005  20250712230650.9
=008  250713s1980||||nyu||||||||||||||\||eng||
=024  8\$a4493Y
=033  0\$a19801209
=040  \\$aUkOxU$beng$erda$cUkOxU
=245  00$aFine oriental miniatures, manuscripts, Islamic works of art, including the Fraser album :$bproperty of various owners.
=264  \1$aNew York :$bSotheby Parke Bernet Inc,$c[1980?]
=264  \\$a© 1980
=300  \\$aapproximately 136 pages ;$c24 cm
=336  \\$atext$2rdacontent
=337  \\$aunmediated$2rdamedia
=338  \\$avolume$2rdacarrier
=500  \\$a[property of various owners] including: property of Mr. Malcolm Fraser, property from the Estate of Nelson A. Rockefeller, property from the Estate of Mrs Benjamin Sonnenberg, property from the Hagop Kevorkian Fund.
=876  \\$p309046998$zDonated by the Ashmolean Museum.
=904  \\$aOxford Local Record

