=LDR  00000nam a22000003i 4500
=005  20250712230650.9
=008  250713s1981||||nyu||||||||||||||\||eng||
=024  8\$a4618Y
=033  0\$a19810521
=040  \\$aUkOxU$beng$erda$cUkOxU
=245  00$aFine oriental miniatures, manuscripts, Islamic works of art :$bproperty of various owners.
=264  \1$aNew York :$bSotheby Parke Bernet Inc,$c[1981?]
=264  \\$a© 1981
=300  \\$aapproximately 120 pages ;$c24 cm
=336  \\$atext$2rdacontent
=337  \\$aunmediated$2rdamedia
=338  \\$avolume$2rdacarrier
=500  \\$a[property of various owners] including: the property of Mrs. Henry R. Gutnayer, New York; the property of Mr. and Mrs. Eugene Bernat; the property of Mr. Jack Josephson; the property of a New York collector; the property from the estate of Evelyn C. Byng.
=876  \\$p309046999$zDonated by the Ashmolean Museum.
=904  \\$aOxford Local Record

