=LDR  00000nam a22000003i 4500
=005  20250712230650.9
=008  250713s1982||||nyu||||||||||||||\||eng||
=024  8\$a4867Y
=033  0\$a19820519
=040  \\$aUkOxU$beng$erda$cUkOxU
=245  00$aFine oriental miniatures, manuscripts and Islamic works of art :$bproperty of various owners.
=264  \1$aNew York :$bSotheby Parke Bernet Inc,$c[1982?]
=264  \\$a© 1982
=300  \\$aapproximately 104 pages ;$c24 cm
=336  \\$atext$2rdacontent
=337  \\$aunmediated$2rdamedia
=338  \\$avolume$2rdacarrier
=876  \\$p308241001$zDonated by the Ashmolean Museum.
=904  \\$aOxford Local Record

