=LDR  00000nam a22000003i 4500
=005  20250712230650.9
=008  250713s1983||||nyu||||||||||||||\||eng||
=024  8\$a5012
=033  0\$a19830226
=040  \\$aUkOxU$beng$erda$cUkOxU
=245  00$aChinese and Japanese paintings, works of art and furniture.
=264  \1$aNew York :$bSotheby Parke Bernet Inc,$c[1983?]
=264  \\$a© 1983
=300  \\$aapproximately 100 pages ;$c24 cm
=336  \\$atext$2rdacontent
=337  \\$aunmediated$2rdamedia
=338  \\$avolume$2rdacarrier
=500  \\$aproperty of various owners including: property of the Newark Museum, property of the estate of Sophie H. Gimbel, property of the estate of Charlotte V. Bergen, Bernardsville, New Jersey. Sold by the order of the Trustees, Fidelity Union Bank, Newark, New Jersey. Property of Yves Saint Laurent, Inc. Property of the Albany Institute of History and Art. Property from the collection of the Late  Dr. and Mrs. Louis E. Wolferz, sold by order of the Heirs. Property of the estate of R. Foster Reynolds, Providence, Rhode Island. Property from the collection of Captain S. N. Ferris Luboshez USN (Ret'd). Property from the estate of Anne Burnett Tandy, Fort Worth, Texas.
=876  \\$p308241002$zDonated by the Ashmolean Museum.
=904  \\$aOxford Local Record

