=LDR  00000nam a22000003i 4500
=005  20250712230650.9
=008  250713s1984||||nyu||||||||||||||\||eng||
=024  8\$a5163
=033  0\$a19840331
=040  \\$aUkOxU$beng$erda$cUkOxU
=245  00$aFine Japanese works of art including lacquer, ceramics, metalwork, enamels and paintings.
=264  \1$aNew York :$bSotheby Parke Bernet Inc,$c[1984?]
=264  \\$a© 1984
=300  \\$aapproximately 124 pages ;$c24 cm
=336  \\$atext$2rdacontent
=337  \\$aunmediated$2rdamedia
=338  \\$avolume$2rdacarrier
=876  \\$p308241003$zDonated by the Ashmolean Museum.
=904  \\$aOxford Local Record

