=LDR  00000nam a22000003i 4500
=005  20250712230650.9
=008  250713s1984||||nyu||||||||||||||\||eng||
=024  8\$a5186
=033  0\$a19840519
=040  \\$aUkOxU$beng$erda$cUkOxU
=245  00$aFine Oriental rugs and carpets.
=264  \1$aNew York :$bSotheby Parke Bernet Inc,$c[1984?]
=264  \\$a© 1984
=300  \\$aapproximately 132 pages ;$c24 cm
=336  \\$atext$2rdacontent
=337  \\$aunmediated$2rdamedia
=338  \\$avolume$2rdacarrier
=500  \\$aproperty of various owners including: The Austin Family , Rosemont, Pennsylvania; The estate of Vladimir M. Eitingon; The estate of Reverend Joseph Madigan; The Ten Eyck Family, New York State; A London publishing house; A European gentleman.
=876  \\$p308241004$zDonated by the Ashmolean Museum.
=904  \\$aOxford Local Record

