=LDR  00000nam a22000003i 4500
=005  20250712230650.9
=008  250713s1984||||nyu||||||||||||||\||eng||
=024  8\$aSHAKUDO 5234
=033  1\$a19841109$a19841110
=040  \\$aUkOxU$beng$erda$cUkOxU
=245  00$aFine Japanese prints, paintings, screens and decorative works of art :$bIncluding property from the Fichter collection of landscape prints and from the collection of Charles Hovey Pepper.
=264  \1$aNew York :$bSotheby Parke Bernet Inc,$c[1984?]
=264  \\$a© 1984
=300  \\$aapproximately 120 pages ;$c27 cm
=336  \\$atext$2rdacontent
=337  \\$aunmediated$2rdamedia
=338  \\$avolume$2rdacarrier
=876  \\$p308241005$zDonated by the Ashmolean Museum.
=904  \\$aOxford Local Record

