=LDR  00000nam a22000003i 4500
=005  20250712230650.9
=008  250713s1985||||nyu||||||||||||||\||eng||
=024  8\$aTARANTINO 5385
=033  1\$a19851106$a19851107
=040  \\$aUkOxU$beng$erda$cUkOxU
=245  04$aThe Salvatore J. Tarantino collection of woodblock prints by Ando Hiroshige (1797-1858) and fine woodblock prints, paintings and screens from various owners.
=264  \1$aNew York :$bSotheby's Inc,$c[1985?]
=264  \\$a© 1985
=300  \\$aapproximately 140 pages ;$c27 cm
=336  \\$atext$2rdacontent
=337  \\$aunmediated$2rdamedia
=338  \\$avolume$2rdacarrier
=876  \\$p308241007$zDonated by the Ashmolean Museum.
=904  \\$aOxford Local Record

