=LDR  00000nam a22000003i 4500
=005  20250712230650.9
=008  250713s1985||||nyu||||||||||||||\||eng||
=024  8\$aMATRIX 5416
=033  0\$a19851202
=040  \\$aUkOxU$beng$erda$cUkOxU
=245  00$aFine Chinese snuff bottles :$bfrom the collection of Dr. Paula Hallett, immediately followed by snuff bottles the property of various owners.
=264  \1$aNew York :$bSotheby's Inc,$c[1985?]
=264  \\$a© 1985
=300  \\$aapproximately 64 pages ;$c27 cm
=336  \\$atext$2rdacontent
=337  \\$aunmediated$2rdamedia
=338  \\$avolume$2rdacarrier
=876  \\$p308241008$zDonated by the Ashmolean Museum.
=904  \\$aOxford Local Record

