=LDR  00000nam a22000003i 4500
=005  20250712230650.9
=008  250713s1986||||nyu||||||||||||||\||eng||
=024  8\$aYABU 5488
=033  0\$a19860924
=040  \\$aUkOxU$beng$erda$cUkOxU
=245  00$aFine Japanese prints, paintings, screens and works of art.
=264  \1$aNew York :$bSotheby's Inc,$c[1986?]
=264  \\$a© 1986
=300  \\$aapproximately  pages ;$c27 cm
=336  \\$atext$2rdacontent
=337  \\$aunmediated$2rdamedia
=338  \\$avolume$2rdacarrier
=876  \\$p308241009$zDonated by the Ashmolean Museum.
=904  \\$aOxford Local Record

