=LDR  00000nam a22000003i 4500
=005  20250712230650.9
=008  250713s1987||||nyu||||||||||||||\||eng||
=024  8\$aSONG KE 5591
=033  0\$a19870602
=040  \\$aUkOxU$beng$erda$cUkOxU
=245  00$aFine Chinese paintings :$bProperty of various owners, including the Kimbell Art Foundation, Fort Worth, Texas; Andrew Franklin, C.V.O. C.B.E., former British China  Consular Service; a European collection.
=264  \1$aNew York :$bSotheby's Inc,$c[1987?]
=264  \\$a© 1987
=300  \\$aapproximately 104 pages ;$c27 cm
=336  \\$atext$2rdacontent
=337  \\$aunmediated$2rdamedia
=338  \\$avolume$2rdacarrier
=876  \\$p308241011$zDonated by the Ashmolean Museum.
=904  \\$aOxford Local Record

