=LDR  00000nam a22000003i 4500
=005  20250712230650.9
=008  250713s1987||||nyu||||||||||||||\||eng||
=024  8\$a1213
=033  0\$a19870916
=040  \\$aUkOxU$beng$erda$cUkOxU
=245  00$aSoutheby's Arcade Auctions :$bOriental and European rugs and carpets.
=264  \1$aNew York :$bSotheby's Inc,$c[1987?]
=264  \\$a© 1987
=300  \\$aapproximately 44 pages ;$c27 cm
=336  \\$atext$2rdacontent
=337  \\$aunmediated$2rdamedia
=338  \\$avolume$2rdacarrier
=500  \\$aproperty of various owners including: property of the Metropolitan Museum of Art; property from the estate of Milford S. Worth; property of an Eastern private collector; property of a private collector, Pennsylvania.
=876  \\$p308241012$zDonated by the Ashmolean Museum.
=904  \\$aOxford Local Record

