=LDR  00000nam a22000003i 4500
=005  20250712230650.9
=008  250713s1988||||nyu||||||||||||||\||eng||
=024  8\$a1256
=033  0\$a19880928
=040  \\$aUkOxU$beng$erda$cUkOxU
=245  00$aSoutheby's Arcade Auctions :$bOriental and European rugs and carpets.
=264  \1$aNew York :$bSotheby's Inc,$c[1988?]
=264  \\$a© 1988
=300  \\$aapproximately 42 pages ;$c27 cm
=336  \\$atext$2rdacontent
=337  \\$aunmediated$2rdamedia
=338  \\$avolume$2rdacarrier
=500  \\$aproperty of various owners, including: the estate of George Kirkland Bishop; property from the estate of Caroline Ryan Foulke; property from the Estate of Sylvia Montag  Ferst; property of the Pacific Asia Museum, Pasadena, California; property from the estate of Belle Linsky, sold by the executors, Muriel Karasik and William D. Zabel; property from the Estate of Mrs. George Devendorf.
=876  \\$p308241014$zDonated by the Ashmolean Museum.
=904  \\$aOxford Local Record

