=LDR  00000nam a22000003i 4500
=005  20250712230650.9
=008  250713s1989||||nyu||||||||||||||\||eng||
=024  8\$aHICKMOTT 5811
=033  0\$a19890208
=040  \\$aUkOxU$beng$erda$cUkOxU
=245  00$aFine netsuke, inro and lacquer from the estate of Madelyn Hickmott :$bSold for the benefit of the Hartford Foundation for Public Giving.
=264  \1$aNew York :$bSotheby's Inc,$c[1989?]
=264  \\$a© 1989
=300  \\$aapproximately 118 pages ;$c27 cm
=336  \\$atext$2rdacontent
=337  \\$aunmediated$2rdamedia
=338  \\$avolume$2rdacarrier
=876  \\$p308241015$zDonated by the Ashmolean Museum.
=904  \\$aOxford Local Record

