=LDR  00000nam a22000003i 4500
=005  20250712230650.9
=008  250713s1989||||nyu||||||||||||||\||eng||
=024  8\$aMEIXIAN 5897
=033  1\$a19890928$a19890929
=040  \\$aUkOxU$beng$erda$cUkOxU
=245  00$aFine Chinese decorative works of art.
=264  \1$aNew York :$bSotheby's Inc,$c[1989?]
=264  \\$a© 1989
=300  \\$aapproximately 218 pages ;$c27 cm
=336  \\$atext$2rdacontent
=337  \\$aunmediated$2rdamedia
=338  \\$avolume$2rdacarrier
=500  \\$aproperty of various owners including: property of the Traphagen School Museum, New York; property from the estate of Madelyn Hickmott; property from the estate of William R. Lipscomb; property from a Miami Beach estate; property from a Northwest institution; property from the estate of Mr. and Mrs. Oliver Smalley; property from the collection of Philip Swingle.
=876  \\$p308241016$zDonated by the Ashmolean Museum.
=904  \\$aOxford Local Record

