=LDR  00000nam a22000003i 4500
=005  20250712230650.9
=008  250713s1990||||nyu||||||||||||||\||eng||
=024  8\$aTINGQUA 5996
=033  1\$a19900411$a19900412
=040  \\$aUkOxU$beng$erda$cUkOxU
=245  00$aFine Chinese decorative works of art.
=264  \1$aNew York :$bSotheby's Inc,$c[1990?]
=264  \\$a© 1990
=300  \\$aapproximately 230 pages ;$c27 cm
=336  \\$atext$2rdacontent
=337  \\$aunmediated$2rdamedia
=338  \\$avolume$2rdacarrier
=500  \\$aincluding: property from the estate of Frances C. Albee; property from the collection of Mrs. Elva Bernat; property from the collection of Mr. and Mrs. Jacques Brazy; property from the collection of John T. Dorrance, Jr.; property of a Florida collector; property from the collection of Maitland Lee Griggs; property from the estate of Madelyn Hickmott; property from the collection of Stanley J. Love; property from a Miami Beach estate; property from a private New Jersey collection; property from the estate of Mr. and Mrs. Oliver Smalley; property from the Smith-Walker Foundation; property from the collection of Ira H. Van Cleave; property from the collection of Frederick J. and Antoinette H. Van Syke.
=876  \\$p308241017$zDonated by the Ashmolean Museum.
=904  \\$aOxford Local Record

