=LDR  00000nam a22000003i 4500
=005  20250712230650.9
=008  250713s1990||||nyu||||||||||||||\||eng||
=024  8\$aQICHANG 6027
=033  0\$a19900530
=040  \\$aUkOxU$beng$erda$cUkOxU
=245  00$aFine Chinese paintings.
=264  \1$aNew York :$bSotheby's Inc,$c[1990?]
=264  \\$a© 1990
=300  \\$aapproximately 174 pages ;$c27 cm
=336  \\$atext$2rdacontent
=337  \\$aunmediated$2rdamedia
=338  \\$avolume$2rdacarrier
=500  \\$aincluding property From the collection of the late Victoria Contag, formerly on loan to the Nelson-Atkins Museum. Kansas City, Missouri; Property From a European collection; property from an important private collection; property of the Sixuezhai collection.
=876  \\$p308241018$zDonated by the Ashmolean Museum.
=904  \\$aOxford Local Record

