=LDR  00000nam a22000003i 4500
=005  20250712230650.9
=008  250713s1990||||nyu||||||||||||||\||eng||
=024  8\$aTAINAN 6074
=033  1\$a19901018$a19901019
=040  \\$aUkOxU$beng$erda$cUkOxU
=245  00$aFine Chinese decorative works of art.
=264  \1$aNew York :$bSotheby's Inc,$c[1990?]
=264  \\$a© 1990
=300  \\$aapproximately 210 pages ;$c27 cm
=336  \\$atext$2rdacontent
=337  \\$aunmediated$2rdamedia
=338  \\$avolume$2rdacarrier
=500  \\$aincluding property from the collection of the late Victoria Contag; property from the collection of John T. Dorrance; property from the collection of Dr. Robert J. Fanning; property from the estate of Richard B. Gump; property from a private Midwest collection; property of Mrs. Rafi Y. Mottahedeh; property of Sotheby's; property from the estate of Anoinette H. Van Slyke; property from the estate of Gordon Bailey Washburn.
=876  \\$p308241019$zDonated by the Ashmolean Museum.
=904  \\$aOxford Local Record

