=LDR  00000nam a22000003i 4500
=005  20250712230650.9
=008  250713s1991||||nyu||||||||||||||\||eng||
=024  8\$aPAHARI 6122
=033  0\$a19910327
=040  \\$aUkOxU$beng$erda$cUkOxU
=245  04$aThe Carter Burden collection of Indian paintings.
=264  \1$aNew York :$bSotheby's Inc,$c[1991?]
=264  \\$a© 1991
=300  \\$aapproximately 80 pages ;$c27 cm
=336  \\$atext$2rdacontent
=337  \\$aunmediated$2rdamedia
=338  \\$avolume$2rdacarrier
=876  \\$p308241020$zDonated by the Ashmolean Museum.
=904  \\$aOxford Local Record

