=LDR  00000nam a22000003i 4500
=005  20250712230650.9
=008  250713s1991||||nyu||||||||||||||\||eng||
=024  8\$aWOLFF 6146
=033  0\$a19910327
=040  \\$aUkOxU$beng$erda$cUkOxU
=245  00$aIndian and Southeast Asian art.
=264  \1$aNew York :$bSotheby's Inc,$c[1991?]
=264  \\$a© 1991
=300  \\$aapproximately 100 pages ;$c27 cm
=336  \\$atext$2rdacontent
=337  \\$aunmediated$2rdamedia
=338  \\$avolume$2rdacarrier
=500  \\$aincluding property of William H. Wolff, Inc.; property of Richard B. Gump, San Francisco; property from the collection of Carter Burden; property sold by the Los Angeles County Museum of Art to benefit future acquisitions; property of Dr. Kaywin Lehman Smith; property of the Ernest Erickson Foundation; works of art from the collection of the late Edgar J. Kaufman, Jr.
=876  \\$p308241021$zDonated by the Ashmolean Museum.
=904  \\$aOxford Local Record

