=LDR  00000nam a22000003i 4500
=005  20250712230650.9
=008  250713s1991||||nyu||||||||||||||\||eng||
=024  8\$aSENWOSRET 6196
=033  0\$a19910618
=040  \\$aUkOxU$beng$erda$cUkOxU
=245  00$aEgyptian, Greek, Etruscan, Roman and Western Asiatic antiquities and Islamic works of art.
=264  \1$aNew York :$bSotheby's Inc,$c[1991?]
=264  \\$a© 1991
=300  \\$aapproximately 210 pages ;$c27 cm
=336  \\$atext$2rdacontent
=337  \\$aunmediated$2rdamedia
=338  \\$avolume$2rdacarrier
=500  \\$aincluding: a Roman bronze center table; an Attic marble grave stele, circa 360 B.C.; an Egyptian Chephren diorite jar, dynasty I-II; an Attic red-figure cup attributed to the school of Makron; a Roman marble head of Apollo; a Syrian limestone head of a god or prince; an Egyptian bronze mongoose; an Apulian red-figure pelike attibuted to the Lycurgus painter; a Cycladic marble pyxis, early bronze age II; a Roman marble cinerary vase, Flavian period; an Egyptian limestone relief of Akhenaten and Meritaten; a Roman bronze figure of Jupiter; an Egyptian limestone relief of the god Tutu; a Roman marble figure of Polyhymia.
=876  \\$p308241022$zDonated by the Ashmolean Museum.
=904  \\$aOxford Local Record

