=LDR  00000nam a22000003i 4500
=005  20250712230650.9
=008  250713s1992||||nyu||||||||||||||\||eng||
=024  8\$aQUEMOY 6308
=033  0\$a19920603
=040  \\$aUkOxU$beng$erda$cUkOxU
=245  00$aFine Chinese ceramics and works of art.
=264  \1$aNew York :$bSotheby's Inc,$c[1992?]
=264  \\$a© 1992
=300  \\$aapproximately 230 pages ;$c27 cm
=336  \\$atext$2rdacontent
=337  \\$aunmediated$2rdamedia
=338  \\$avolume$2rdacarrier
=500  \\$aincluding property from the collection of Maude Bouvier-Davis; property from the collection of Marlene Casey; property from a California estate; property from a Canadian collector; property from a Connecticut private collection; property from the collection of Sidney Day; property from an East Coast private collection; property from the estate of Helen Griiser; property of a Hong Kong private collection; property from the estate of William E. Little; property from the estate of Paul Martini, formerly in the collection of William Goadby Loew; property of a Maryland estate; property formerly in the estate of John Alex McCone, sold for the benefit of the McCone Foundation; property from the estate of Isabelle M. Murphy; property of a private New Jersey collection; property from a private collection; property from the collection of Adele Simpson; property of a southern museum; property from the estate of Thomas van Deusen; property from a Virginia private collection; property from the estate of S. Fulleron Weaver, East Hampton, New York; property from the estate of Ruth Weiss; property from the estate of William H. Wolff.
=876  \\$p308241025$zDonated by the Ashmolean Museum.
=904  \\$aOxford Local Record

