=LDR  00000nam a22000003i 4500
=005  20250712230650.9
=008  250713s1992||||nyu||||||||||||||\||eng||
=024  8\$aMONKEY 6312
=033  0\$a19920606
=040  \\$aUkOxU$beng$erda$cUkOxU
=245  00$aDecorative works of art :$bChinese, Japanese and Korean.
=264  \1$aNew York :$bSotheby's Inc,$c[1992?]
=264  \\$a© 1992
=300  \\$aapproximately 190 pages ;$c27 cm
=336  \\$atext$2rdacontent
=337  \\$aunmediated$2rdamedia
=338  \\$avolume$2rdacarrier
=876  \\$p308241026$zDonated by the Ashmolean Museum.
=904  \\$aOxford Local Record

