=LDR  00000nam a22000003i 4500
=005  20250712230651.0
=008  250713s1997||||nyu||||||||||||||\||eng||
=024  8\$aGOURD 6962
=033  0\$a19970317
=040  \\$aUkOxU$beng$erda$cUkOxU
=245  00$aImportant Chinese snuff bottles.
=264  \1$aNew York :$bSotheby's Inc,$c[1997?]
=264  \\$a© 1997
=300  \\$aapproximately 128 pages ;$c27 cm
=336  \\$atext$2rdacontent
=337  \\$aunmediated$2rdamedia
=338  \\$avolume$2rdacarrier
=500  \\$aincluding property from the John Franklin Dodge and Isabel Beatty Dodge Collection formed before 1965 (The Dodge Collection); property from The Pauline Lester Collection (Pauline Lester); property from a private Mid-Western American collection (The Mid-Western Collection); property from a private Canadian collection formed in Pekin before 1955 (The Canadian Collection); property from a private British Columbia Collection (The B.C. Collection); property from a private San Francisco collection (The S. F. Collection).
=876  \\$p308241031$zDonated by the Ashmolean Museum.
=904  \\$aOxford Local Record

