=LDR  00000nam a22000003i 4500
=005  20250712230651.0
=008  250713s1995||||nyu||||||||||||||\||eng||
=024  8\$aQIYUE 6738
=033  0\$a19950918
=040  \\$aUkOxU$beng$erda$cUkOxU
=245  00$aFine Chinese Paintings :$bAsian Art.
=264  \1$aNew York :$bSotheby's Inc,$c[1995?]
=264  \\$a© 1995
=300  \\$aapproximately 160 pages ;$c27 cm
=336  \\$atext$2rdacontent
=337  \\$aunmediated$2rdamedia
=338  \\$avolume$2rdacarrier
=876  \\$p308241032$zDonated by the Ashmolean Museum.
=904  \\$aOxford Local Record

