=LDR  00000nam a22000003i 4500
=005  20250712230651.0
=008  250713s1993||||nyu||||||||||||||\||eng||
=024  8\$aSHIPJANGSAENG 6441
=033  0\$a19930618
=040  \\$aUkOxU$beng$erda$cUkOxU
=245  00$aKorean works of art :$bAsian Art.
=264  \1$aNew York :$bSotheby's Inc,$c[1993?]
=264  \\$a© 1993
=300  \\$aapproximately 50 pages ;$c27 cm
=336  \\$atext$2rdacontent
=337  \\$aunmediated$2rdamedia
=338  \\$avolume$2rdacarrier
=500  \\$aincluding property of a private American collector.
=876  \\$p308241033$zDonated by the Ashmolean Museum.
=904  \\$aOxford Local Record

