=LDR  00000nam a22000003i 4500
=005  20250712230651.0
=008  250713s1986||||nyu||||||||||||||\||eng||
=024  8\$aMIAMI 5548
=033  0\$a19870112
=040  \\$aUkOxU$beng$erda$cUkOxU
=245  00$aFine netsuke, inro and related works of art.
=264  \1$aMiami :$bSotheby's Inc,$c[1986?]
=264  \\$a© 1986
=300  \\$aapproximately 88 pages ;$c27 cm
=336  \\$atext$2rdacontent
=337  \\$aunmediated$2rdamedia
=338  \\$avolume$2rdacarrier
=876  \\$p308241034$zDonated by the Ashmolean Museum.
=904  \\$aOxford Local Record

