=LDR  00000nam a22000003i 4500
=005  20250712230651.0
=008  250713s2002||||ne\||||||||||||||\||eng||
=024  8\$aAM0856
=033  0\$a20020917
=040  \\$aUkOxU$beng$erda$cUkOxU
=245  04$aThe Anne Paul Brinkman collection.
=264  \1$aAmsterdam :$bSotheby's Amsterdam B.V.,$c[2002?]
=300  \\$a190 pages ;$c27 cm
=336  \\$atext$2rdacontent
=337  \\$aunmediated$2rdamedia
=338  \\$avolume$2rdacarrier
=876  \\$p308241035$zDonated by the Ashmolean Museum.
=904  \\$aOxford Local Record

