=LDR  00000nam a22000003i 4500
=005  20250712230651.0
=008  250713s1987||||ne\||||||||||||||\||eng||
=024  8\$a461
=033  0\$a19870706
=040  \\$aUkOxU$beng$erda$cUkOxU
=041  \\$aeng$adut
=245  00$aRugs and carpets :$bFrom the collection of the late Mr. P. Otten, Amsterdam.
=246  31$aTapijten :$bUit de verzameling van wijlen de heer Mr. P. Otten te Amsterdam
=264  \1$aAmsterdam :$bSotheby Mak Van Waay B.V.,$c[1987?]
=264  \\$a© 1987
=300  \\$a12 pages ;$c27 cm
=336  \\$atext$2rdacontent
=337  \\$aunmediated$2rdamedia
=338  \\$avolume$2rdacarrier
=876  \\$p308241036$zDonated by the Ashmolean Museum.
=904  \\$aOxford Local Record

