=LDR  00000nam a22000003i 4500
=005  20250712230651.0
=008  250713s2008||||fr\||||||||||||||\||fre||
=024  8\$aPF8025 ROUEN
=033  0\$a20080618
=040  \\$aUkOxU$beng$erda$cUkOxU
=245  00$aCollection d'un amateur :$bRouen 1680-1740: de la première porcelaine à l'âge d'or de la faïence.
=264  \1$aParis :$bSotheby's France SA,$c[2008?]
=300  \\$a166 pages ;$c27 cm
=336  \\$atext$2rdacontent
=337  \\$aunmediated$2rdamedia
=338  \\$avolume$2rdacarrier
=876  \\$p308241037$zDonated by the Ashmolean Museum.
=904  \\$aOxford Local Record

