=LDR  00000nam a22000003i 4500
=005  20250712230651.0
=008  250713s2001||||fr\||||||||||||||\||fre||
=024  8\$aPF1001 LAURA
=033  0\$a20010627
=040  \\$aUkOxU$beng$erda$cUkOxU
=245  00$aCollection de monsieur et madame Luigi Anton Laura :$bImportant mobilier, objets d'art et porcelaines de Chine.
=264  \1$aParis :$bSotheby's France SA,$c[2001?]
=300  \\$a334 pages ;$c28 cm
=336  \\$atext$2rdacontent
=337  \\$aunmediated$2rdamedia
=338  \\$avolume$2rdacarrier
=876  \\$p308241038$zDonated by the Ashmolean Museum.
=904  \\$aOxford Local Record

