=LDR  00000nam a22000003i 4500
=005  20250712230651.0
=008  250713s1993||||cc\||||||||||||||\||fre||
=024  8\$aSANXIA
=033  0\$a19930418
=040  \\$aUkOxU$beng$erda$cUkOxU
=245  00$aFine modern Chinese oil paintings, drawings and watercolours.
=264  \1$aTaipei :$bSotheby's Taiwan Ltd.,$c[1993?]
=300  \\$aapproximately 140 pages ;$c27 cm
=336  \\$atext$2rdacontent
=337  \\$aunmediated$2rdamedia
=338  \\$avolume$2rdacarrier
=876  \\$p308241039$zDonated by the Ashmolean Museum.
=904  \\$aOxford Local Record

