=LDR  00000nam a22000003i 4500
=005  20250712230651.0
=008  250713s2000||||it\||||||||||||||\||ita||
=024  8\$aMI166 FABIOLA
=033  0\$a20000229
=040  \\$aUkOxU$beng$erda$cUkOxU
=245  00$aLa collezione Colasanti-Moore, Piazza dell'Orologio, Roma.
=264  \1$aMilan :$bSotheby's Italia,$c[2000?]
=300  \\$a181 pages ;$c27 cm
=336  \\$atext$2rdacontent
=337  \\$aunmediated$2rdamedia
=338  \\$avolume$2rdacarrier
=876  \\$p308241040$zDonated by the Ashmolean Museum.
=904  \\$aOxford Local Record

