=LDR  00000nam a22000003i 4500
=005  20250712230651.0
=008  250713s1985||||sz\||||||||||||||\||eng||
=024  8\$aORHAN
=033  0\$a19850514
=040  \\$aUkOxU$beng$erda$cUkOxU
=245  00$aOriental carpets.
=264  \1$aGeneva :$bSotheby's S.A. Genève,$c[1985?]
=264  \\$a© 1985
=300  \\$aapproximately 180 pages ;$c27 cm
=336  \\$atext$2rdacontent
=337  \\$aunmediated$2rdamedia
=338  \\$avolume$2rdacarrier
=876  \\$p308241041$zDonated by the Ashmolean Museum.
=904  \\$aOxford Local Record

