=LDR  00000nam a22000003i 4500
=005  20250712230651.0
=008  250713s1985||||cc\||||||||||||||\||eng||
=024  8\$aCHRYSANTHEMUM
=033  0\$a19851122
=040  \\$aUkOxU$beng$erda$cUkOxU
=245  00$aChinese ceramics, Jades and works of art.
=264  \1$aHong Kong :$bSotheby's Hong Kong, Ltd.,$c[1985?]
=264  \\$a© 1985
=300  \\$aapproximately 40 pages ;$c27 cm
=336  \\$atext$2rdacontent
=337  \\$aunmediated$2rdamedia
=338  \\$avolume$2rdacarrier
=876  \\$p308241044$zDonated by the Ashmolean Museum.
=904  \\$aOxford Local Record

