=LDR  00000nam a22000003i 4500
=005  20250712230651.0
=008  250713s1987||||cc\||||||||||||||\||eng||
=024  8\$aWEI WEN
=033  0\$a19870521
=040  \\$aUkOxU$beng$erda$cUkOxU
=245  00$aFine modern Chinese paintings.
=264  \1$aHong Kong :$bSotheby's Hong Kong, Ltd.,$c[1987?]
=264  \\$a© 1987
=300  \\$aapproximately 110 pages ;$c27 cm
=336  \\$atext$2rdacontent
=337  \\$aunmediated$2rdamedia
=338  \\$avolume$2rdacarrier
=876  \\$p308241045$zDonated by the Ashmolean Museum.
=904  \\$aOxford Local Record

