=LDR  00000nam a22000003i 4500
=005  20250712230651.0
=008  250713s1989||||cc\||||||||||||||\||eng||
=024  8\$aMILLET
=033  0\$a19891114
=040  \\$aUkOxU$beng$erda$cUkOxU
=245  00$aFine Chinese ceramics.
=264  \1$aHong Kong :$bSotheby's Hong Kong, Ltd.,$c[1989?]
=264  \\$a© 1989
=300  \\$aapproximately 250 pages ;$c27 cm
=336  \\$atext$2rdacontent
=337  \\$aunmediated$2rdamedia
=338  \\$avolume$2rdacarrier
=500  \\$aincluding a fine and extremely rare early Ming blue and white dragon washer, early 15th century; a fine and rare Ming blue and white jar, Jiajing mark and period; a very fine imperial 'famille-rose' vase, Yongzheng mark and period; a fine and very rare imperial 'famille-rose' cup, Yongzheng mark and period; a fine and rare imperial 'famille-rose' bowl, Yongzheng mark and period; a fine imperial yellow-ground 'famille-rose' bowl, Kangxi mark and period.
=876  \\$p308241046$zDonated by the Ashmolean Museum.
=904  \\$aOxford Local Record

