=LDR  00000nam a22000003i 4500
=005  20250712230651.0
=008  250713s1991||||cc\||||||||||||||\||eng||
=024  8\$aBAIHUA
=033  0\$a19911029
=040  \\$aUkOxU$beng$erda$cUkOxU
=245  00$aFine Chinese ceramics.
=264  \1$aHong Kong :$bSotheby's Hong Kong, Ltd.,$c[1991?]
=264  \\$a© 1991
=300  \\$aapproximately 210 pages ;$c27 cm
=336  \\$atext$2rdacontent
=337  \\$aunmediated$2rdamedia
=338  \\$avolume$2rdacarrier
=500  \\$aincluding a very rare Yueyao spouted funerary jar and cover, Five Dynasties; an extremely rare pair of vases, Yuan dynasty; a Ming blue and white moon flask, early 15th century; a very rare reign-marked white-glazed 'monk's cap' ewer, mark and period of Yongle; a large copper-red and underglaze-blue decorated bottle vase, seal mark and period of Qianlong; a brilliantly enamelled very rare pair of imperial 'famille-rose' 'mille-fleurs' bowls, marks and period of Yongzheng; a large 'famille-rose' peach dish, mark and period of Yongzheng.
=876  \\$p308241047$zDonated by the Ashmolean Museum.
=904  \\$aOxford Local Record

