=LDR  00000nam a22000003i 4500
=005  20250712230651.0
=008  250713s1992||||cc\||||||||||||||\||eng||
=024  8\$aMINGCHU
=033  1\$a19920428$a19920429
=040  \\$aUkOxU$beng$erda$cUkOxU
=245  00$aFine Chinese ceramics, works of art, jade carvings and jadeite jewellery.
=264  \1$aHong Kong :$bSotheby's Hong Kong, Ltd.,$c[1992?]
=264  \\$a© 1992
=300  \\$aapproximately 280 pages ;$c27 cm
=336  \\$atext$2rdacontent
=337  \\$aunmediated$2rdamedia
=338  \\$avolume$2rdacarrier
=500  \\$aincluding a very rare and finely painted vase, Yuhuchun ping, Yuan dynasty; a fine early Ming blue and white moonflask, Yongle; a very rare and finely painted early Ming blue and white stembowl, mark and period of Xuande; a fine and rare Ming yellow-ground dish, mark and period of Zhengde; a fine pair of ducai saucer dishes, mark and period of Yongzheng; a large polychrome standing wood figure of Guyanyin, Yuan dynasty, late 13/14th century; an exquisite pair of jadeite double-ring earrings; a cabochon jadeite ring; an important jadeite bangle.
=876  \\$p308241048$zDonated by the Ashmolean Museum.
=904  \\$aOxford Local Record

