=LDR  00000nam a22000003i 4500
=005  20250712230651.0
=008  250713s1992||||cc\||||||||||||||\||eng||
=024  8\$aHOUZHI
=033  0\$a19920429
=040  \\$aUkOxU$beng$erda$cUkOxU
=245  00$aFine Chinese snuff bottles.
=264  \1$aHong Kong :$bSotheby's Hong Kong, Ltd.,$c[1992?]
=264  \\$a© 1992
=300  \\$aapproximately 50 pages ;$c27 cm
=336  \\$atext$2rdacontent
=337  \\$aunmediated$2rdamedia
=338  \\$avolume$2rdacarrier
=500  \\$aincluding finely decorated seal-type red overlay glass snuff bottle, Yangzhou school; an extremely rare triple-overlay five-colour glass snuff bottle, Yangzhou school; a very rare glass inside-painted snuff bottle, by Zi Yizi; a very rare incised bronze snuff bottle, by Cheng Rongzhang; a rare chalcedony cylindrical snuff bottle, Beijing Palace Workshop, seal mark and period of Qianlong; a finely carved bear-shaped white jade snuff bottle; and a selection of snuff bottles from the collection of David Dunkerley.
=876  \\$p308241049$zDonated by the Ashmolean Museum.
=904  \\$aOxford Local Record

