=LDR  00000nam a22000003i 4500
=005  20250712230651.0
=008  250713s1993||||cc\||||||||||||||\||eng||
=024  8\$aYINYANG
=033  1\$a19931027$a19931028
=040  \\$aUkOxU$beng$erda$cUkOxU
=245  00$aFine modern and contemporary Chinese paintings.
=264  \1$aHong Kong :$bSotheby's Hong Kong, Ltd.,$c[1993?]
=264  \\$a© 1993
=300  \\$aapproximately 230 pages ;$c27 cm
=336  \\$atext$2rdacontent
=337  \\$aunmediated$2rdamedia
=338  \\$avolume$2rdacarrier
=876  \\$p308241050$zDonated by the Ashmolean Museum.
=904  \\$aOxford Local Record

