=LDR  00000nam a22000003i 4500
=005  20250712230651.0
=008  250713s1994||||cc\||||||||||||||\||eng||
=024  8\$aMEIGUI
=033  1\$a19940503$a19940504
=040  \\$aUkOxU$beng$erda$cUkOxU
=245  00$aFine Chinese ceramics, works of art, jade carvings and jadeite jewellery.
=264  \1$aHong Kong :$bSotheby's Hong Kong, Ltd.,$c[1994?]
=264  \\$a© 1994
=300  \\$aapproximately 450 pages ;$c27 cm
=336  \\$atext$2rdacontent
=337  \\$aunmediated$2rdamedia
=338  \\$avolume$2rdacarrier
=500  \\$aincluding a large and finely painted early blue and white jar, Yuan dynasty; a highly unusual finely painted early blue and white jar, Late Yuan/Early Ming dynasty; an extremely rare complete set of twelve blue and white month cups, marks and period of Kangxi; a copper-red and underglaze-blue decorated dragon flask, seal mark and period of Qianlong; a large and very rare pair of coral-red and enamel decorated 'bat' dishes, marks and period of Yongzheng; a rare pair of coral-ground Yuzhi bowls, marks and period of Yongzheng; a rare imperial 'famille-rose' Yuzhi bowl, mark and period of Kangxi; a fine yellow-ground 'famille-rose' vase, seal mark and period of Qianlong; an important group of carved and inlaid lacquer from the Edward T. Chow collection; a magnifiicent imperial screen; a bright green jadeite koro and cover; a fine jadeite bangle; an elegante jadeite and diamond ring.
=876  \\$p308241051$zDonated by the Ashmolean Museum.
=904  \\$aOxford Local Record

