=LDR  00000nam a22000003i 4500
=005  20250712230651.0
=008  250713s1994||||cc\||||||||||||||\||eng||
=024  8\$aLIU BEI
=033  1\$a19941101$a19941102
=040  \\$aUkOxU$beng$erda$cUkOxU
=245  00$aImportant Chinese ceramics and works of art.
=264  \1$aHong Kong :$bSotheby's Hong Kong, Ltd.,$c[1994?]
=264  \\$a© 1994
=300  \\$aapproximately 250 pages ;$c27 cm
=336  \\$atext$2rdacontent
=337  \\$aunmediated$2rdamedia
=338  \\$avolume$2rdacarrier
=500  \\$aincluding a carved ding-type ewer, Northern Song dynasty, 10th/11th century; a highly important underglaze-blue decorated figure-subject jar, (Guan), Yuan dynasty; an underglaze-red decorated basin, Ming dynasty, Hongwu; a Ming blue and white underglaze-blue decorated basin, early Ming dynasty, Yongle; an underglaze-blue decorated jar and cover (Guan), early Ming dynasty, Yongle/Xuande; an early Ming blue and white bowl, mark and period of Xuande; an underglaze-blue decorated 'palace' bowl, mark and period of Chenghua; a Wucai box and cover, mark and period of Wanli; a blue and white garlic-mouth vase (suantou kou ping), mark and period of Yongzheng; a Ming-style blue and white basin, seal mark and period of Qianlong; a copper-red decorated waterpot, mark and period of Kangxi; a 'famille-rose' vase, seal mark and period of Yongzheng; a 'famille-rose' peach vase (tianqiu ping), seal mark and period of Qianlong; an underglaze-blue and 'famille-rose' decorated vase, seal mark and period of Qianlong; three large gilt-bronze figures of Buddha, Ming dynasty.
=876  \\$p308241052$zDonated by the Ashmolean Museum.
=904  \\$aOxford Local Record

