=LDR  00000nam a22000003i 4500
=005  20250712230651.0
=008  250713s2000||||cc\||||||||||||||\||eng||
=024  8\$aWEB HK0163
=033  0\$a20000502
=040  \\$aUkOxU$beng$erda$cUkOxU
=245  00$aFine Chinese ceramics and works of art.
=264  \1$aHong Kong :$bSotheby's Hong Kong,$c[2000?]
=300  \\$a256 pages ;$c27 cm
=336  \\$atext$2rdacontent
=337  \\$aunmediated$2rdamedia
=338  \\$avolume$2rdacarrier
=876  \\$p308241053$zDonated by the Ashmolean Museum.
=904  \\$aOxford Local Record

