=LDR  00000nam a22000003i 4500
=005  20250712230651.0
=008  250713s2009||||cc\||||||||||||||\||eng||
=024  8\$aHK0314
=033  0\$a20091008
=040  \\$aUkOxU$beng$erda$cUkOxU
=245  00$aWater, Pine and Stone Retreat collection :$bQianlong.
=264  \1$aHong Kong :$bSotheby's Hong Kong Limited,$c[2009?]
=300  \\$a128 pages ;$c28 cm
=336  \\$atext$2rdacontent
=337  \\$aunmediated$2rdamedia
=338  \\$avolume$2rdacarrier
=876  \\$p308241057$zDonated by the Ashmolean Museum.
=904  \\$aOxford Local Record

