=LDR  00000nam a22000003i 4500
=005  20250712230651.0
=008  250713s2008||||cc\||||||||||||||\||eng||
=024  8\$aHK0270
=033  0\$a20080411
=040  \\$aUkOxU$beng$erda$cUkOxU
=245  02$aA tradition of elegance :$bthe Leshangtang collection.
=264  \1$aHong Kong :$bSotheby's Hong Kong Limited,$c[2008?]
=300  \\$a136 pages ;$c28 cm
=336  \\$atext$2rdacontent
=337  \\$aunmediated$2rdamedia
=338  \\$avolume$2rdacarrier
=500  \\$aat approximately 10:30 am immediately following the sale of masterpieces of Chinese precious metalwork.
=876  \\$p308241058$zDonated by the Ashmolean Museum.
=904  \\$aOxford Local Record

