=LDR  00000nam a22000003i 4500
=005  20250712230651.0
=008  250713s2008||||cc\||||||||||||||\||eng||
=024  8\$aHK0271
=033  0\$a20080411
=040  \\$aUkOxU$beng$erda$cUkOxU
=245  00$aTao :$bThe Jiansongge collection.
=264  \1$aHong Kong :$bSotheby's Hong Kong Limited,$c[2008?]
=300  \\$a198 pages ;$c30 cm
=336  \\$atext$2rdacontent
=337  \\$aunmediated$2rdamedia
=338  \\$avolume$2rdacarrier
=500  \\$aat approximately 11:15 am immediately following the sale of two Song treasures.
=876  \\$p308241059$zDonated by the Ashmolean Museum.
=904  \\$aOxford Local Record

