=LDR  00000nam a22000003i 4500
=005  20250712230651.0
=008  250713s2005||||cc\||||||||||||||\||eng||
=024  8\$aBLOCH HK0225
=033  0\$a20051023
=040  \\$aUkOxU$beng$erda$cUkOxU
=245  00$aScholarly works of art from the Mary and George Bloch collection.
=264  \1$aHong Kong :$bSotheby's Hong Kong,$c[2005?]
=300  \\$a202 pages ;$c28 cm
=336  \\$atext$2rdacontent
=337  \\$aunmediated$2rdamedia
=338  \\$avolume$2rdacarrier
=500  \\$apart of a boxed set with the title "Exceptional Chinese art".
=876  \\$p308241062$zDonated by the Ashmolean Museum.
=904  \\$aOxford Local Record

