=LDR  00000nam a22000003i 4500
=005  20250712230651.0
=008  250713s1973||||cc\||||||||||||||\||eng||
=033  0\$a19731117
=040  \\$aUkOxU$beng$erda$cUkOxU
=245  00$aCatalogue of Chinese snuffbottles.
=264  \1$aHong Kong :$bSoutheby Parke Bernet (Honk Kong) Ltd in association with Lane Crawford Holdings Ltd.,$c[1973?]
=264  \\$a© 1973
=300  \\$a55 pages ;$c25 cm
=336  \\$atext$2rdacontent
=337  \\$aunmediated$2rdamedia
=338  \\$avolume$2rdacarrier
=500  \\$acomprising glass snuff bottles including a series of single and multi-colour overlays; nephrite and jadeite snuffbottles including a white jade coin bottle and a Soochow jade bottle, an emerald-marked and an apple-green jadeite snuffbottle; agate snuffbottles including an extensive group of relief and flat-carved bottles, two Soochow School snuffbottles; various hardstones including malachite, lapis lazuli, hair crystal, tourmaline, jasper, amethystine quartz and quartzite, also bowenite, limestone and pudding stone; interior-painted snuffbottles including works by Ma Shao-Hsüan, Yeh chung-san, T'ing Erh-chung, Sun Hsing-wu, Ma Shao-hsien, Chen Chung-san and Chang Pao-t'ien; also snuffbottles in other materials which will be sold by auction.
=876  \\$p308241063$zDonated by the Ashmolean Museum.
=904  \\$aOxford Local Record

