=LDR  00000nam a22000003i 4500
=005  20250712230651.0
=008  250713s1973||||cc\||||||||||||||\||eng||
=033  0\$a19731116
=040  \\$aUkOxU$beng$erda$cUkOxU
=245  00$aCatalogue of fine nineteenth century Chinese School paintings, drawings and watercolours.
=264  \1$aHong Kong :$bSoutheby Parke Bernet (Honk Kong) Ltd in association with Lane Crawford Holdings Ltd.,$c[1973?]
=264  \\$a© 1973
=300  \\$aapproximately 40 pages ;$c25 cm
=336  \\$atext$2rdacontent
=337  \\$aunmediated$2rdamedia
=338  \\$avolume$2rdacarrier
=500  \\$aincluding views of Canton, Hong Kong, Macao and Shanghai; a pair of portraits of mandarins' ladies by Lam Qua, and examples by W. Alexander, G. Chinnery, Chincqua, Chow Kwa, W. Daniell, Lam Qua, Sunqua, Tingqua, Yeuqua and other artists of the Chinese Coast and King Street Schools.
=876  \\$p308241064$zDonated by the Ashmolean Museum.
=904  \\$aOxford Local Record

