=LDR  00000nam a22000003i 4500
=005  20250712230651.0
=008  250713s1977||||cc\||||||||||||||\||eng||
=033  0\$a19770517
=040  \\$aUkOxU$beng$erda$cUkOxU
=245  00$aCatalogue of fine Chinese jade carvings.
=264  \1$aHong Kong :$bSoutheby Parke Bernet (Honk Kong) Ltd in association with Lane Crawford Holdings Ltd.,$c[1977?]
=264  \\$a© 1977
=300  \\$a88 pages ;$c25 cm
=336  \\$atext$2rdacontent
=337  \\$aunmediated$2rdamedia
=338  \\$avolume$2rdacarrier
=500  \\$aincluding a large pair of green jadeite archaistic ewers; a pair of lavender jadeite figures of Kuan Yin on lions; a brilliant lavender jadeite vase; three large rock crystal vases; a pair of white jadeite roundels; two unusual red and white Ch'ien Lung carnelian vases; a Ch'ien Lung greenish-white jade koror and a mountain; and a green jadeite set of Koro, vase and box.
=876  \\$p308241065$zDonated by the Ashmolean Museum.
=904  \\$aOxford Local Record

