=LDR  00000nam a22000003i 4500
=005  20250712230651.0
=008  250713s1977||||cc\||||||||||||||\||eng||
=024  8\$aDRAGON
=033  0\$a19771129
=040  \\$aUkOxU$beng$erda$cUkOxU
=245  00$aCatalogue of important Chinese ceramics and works of art.
=264  \1$aHong Kong :$bSoutheby Parke Bernet (Honk Kong) Ltd in association with Lane Crawford Holdings Ltd.,$c[1977?]
=264  \\$a© 1977
=300  \\$a196 pages ;$c25 cm
=336  \\$atext$2rdacontent
=337  \\$aunmediated$2rdamedia
=338  \\$avolume$2rdacarrier
=500  \\$aincluding early wares; a leaf-decorated Chi-chou temmoku teabowl; a ting ewer, a splashed Chün bowl, celadons and Ying Ch'ing Ming porcelain; a Yung Lo blue and white covered mei p'ing; a small Yung Lo dish and a mid-15th century fluted bowl; a previously unrecorded underglaze-red decorated dish; a late fourteenth century underglaze-red bowl; a Hsüan Tê turquoise dish and a Ch'êng Hua white stemcup; two enamelled ewers and later Ming blue and white Ch'ing enamelled wares; a group of Tou T'sai wares and yellow-ground bowls; a pair of 'famille-verte' jardinières with floating blossom; pairs of K'ang Hsi and Yung Chêng ruby-back cups; a pair of Yung Chêng 'famille-rose' chrysanthemum vases; a pair of bowls of Ku Yüeh Hsüan type with peonies; a large Yung Chêng 'famille-rose'jar marked Ch'ing-I T'ang; a pair of Yung Chêng 'famille-rose' peach dishes; a large Ch'ien Lung hu-shaped vase with the hundred deer; Other Ch'ing wares; a fine series of Tê Hua figures and wares; a Kuan Yin p'ing and other peach blooms; a wide variety of other monchrome vases, bowls and dishes; marked Yung Chêng and Ch'ien Lung blue and white vases; a small group of K'ang Hsi dated blue and white vases; works of art; a large white jade covered vase; rhinoceros horn cups and a lacque burgaute box containing ink-cakes.
=876  \\$p308241066$zDonated by the Ashmolean Museum.
=904  \\$aOxford Local Record

