=LDR  00000nam a22000003i 4500
=005  20250712230651.0
=008  250713s1977||||cc\||||||||||||||\||eng||
=024  8\$aPHOENIX
=033  1\$a19771201$a19771202
=040  \\$aUkOxU$beng$erda$cUkOxU
=245  00$aCatalogue of fine nineteenth century Chinese porcelain, earlier ceramics, furniture, works of art and reference books.
=264  \1$aHong Kong :$bSoutheby Parke Bernet (Honk Kong) Ltd in association with Lane Crawford Holdings Ltd.,$c[1977?]
=264  \\$a© 1977
=300  \\$a47 pages ;$c25 cm
=336  \\$atext$2rdacontent
=337  \\$aunmediated$2rdamedia
=338  \\$avolume$2rdacarrier
=500  \\$afine nineteenth century Chinese porcelain; colour ground Chia Ch'ing and Tao Kuang bowls; two large dishes marked Ch'u Hsiu Kung Chih; earlier ceramics; Ying Ch'ing, Shu Fu and celadon wares; a group of Yuan blue and white export jarlets; Ming transitional and Ch'ing blue and white porcelain; Te Hua wares, monochromes, Tou Ts'ai, 'famille-verte'; 'famille-rose' and other enamelled wares; furniture and works of art; altar and low tables in Huang-Hua-Li and other woods; jade carvings and other hardstones; also reference books.
=876  \\$p308241067$zDonated by the Ashmolean Museum.
=904  \\$aOxford Local Record

