=LDR  00000nam a22000003i 4500
=005  20250712230651.0
=008  250713s1977||||cc\||||||||||||||\||eng||
=024  8\$aBAMBOO
=033  1\$a19770519$a19770520
=040  \\$aUkOxU$beng$erda$cUkOxU
=245  00$aCatalogue of Chinese ceramics, jade carvings, and reference books.
=264  \1$aHong Kong :$bSoutheby Parke Bernet (Honk Kong) Ltd in association with Lane Crawford Holdings Ltd.,$c[1977?]
=264  \\$a© 1977
=300  \\$a31 pages ;$c25 cm
=336  \\$atext$2rdacontent
=337  \\$aunmediated$2rdamedia
=338  \\$avolume$2rdacarrier
=500  \\$aincluding Ying Ch'ing and Shu Fu wares; a group of Sung, Yüan and Ming celadons; Ming blue and white and enamelled wares; an extensive series of Ch'ing monochromes; 'blanc-de-Chine' and Ch'ing blue and white 'famille-verte' and 'famille-rose' wares; also a group of jade carvings and reference books of Chinese art.
=876  \\$p308241068$zDonated by the Ashmolean Museum.
=904  \\$aOxford Local Record

