=LDR  00000nam a22000003i 4500
=005  20250712230651.0
=008  250713s1979||||cc\||||||||||||||\||eng||
=024  8\$aJADE
=033  0\$a19791129
=040  \\$aUkOxU$beng$erda$cUkOxU
=245  00$aCatalogue of fine Chinese jades :$bproperty from an important private collection sold for the benefit of an American University.
=264  \1$aHong Kong :$bSoutheby Parke Bernet (Honk Kong) Ltd in association with Lane Crawford Holdings Ltd.,$c[1979?]
=264  \\$a© 1979
=300  \\$aapproximately 44 pages ;$c25 cm
=336  \\$atext$2rdacontent
=337  \\$aunmediated$2rdamedia
=338  \\$avolume$2rdacarrier
=500  \\$aincluding several large green jadeite vessels and figures; a set of three imperial green jade plaques; a fine white jade table screen; a well carved spinach green jade brushpot; a group of rock crystal carvings.
=876  \\$p308241069$zDonated by the Ashmolean Museum.
=904  \\$aOxford Local Record

