=LDR  00000nam a22000003i 4500
=005  20250712230651.0
=008  250713s1979||||cc\||||||||||||||\||eng||
=024  8\$aMIING
=033  1\$a19791205$a19791206
=040  \\$aUkOxU$beng$erda$cUkOxU
=245  00$aCatalogue of Chinese ceramics, works of art and reference books.
=264  \1$aHong Kong :$bSoutheby Parke Bernet (Honk Kong) Ltd in association with Lane Crawford Holdings Ltd.,$c[1979?]
=264  \\$a© 1979
=300  \\$a65 pages ;$c25 cm
=336  \\$atext$2rdacontent
=337  \\$aunmediated$2rdamedia
=338  \\$avolume$2rdacarrier
=500  \\$aincluding  a group of early wares and celadons; Ming, transitional and Qing blue and white Fujian wares and Qing monochromes; 'famille-rose' and other enamelled wares; a large group of nineteenth century porcelain including many 'mark and period' wares; cricket cages and other works of art and a series of reference books relating to Chinese art.
=876  \\$p308241070$zDonated by the Ashmolean Museum.
=904  \\$aOxford Local Record

