=LDR  00000nam a22000003i 4500
=005  20250712230651.0
=008  250713s1980||||cc\||||||||||||||\||eng||
=024  8\$aDAQIAN
=033  0\$a19801130
=040  \\$aUkOxU$beng$erda$cUkOxU
=245  00$aCatalogue of modern and contemporary Chinese paintings.
=264  \1$aHong Kong :$bSoutheby Parke Bernet (Honk Kong) Ltd,$c[1980?]
=264  \\$a© 1980
=300  \\$aapproximately 48 pages ;$c25 cm
=336  \\$atext$2rdacontent
=337  \\$aunmediated$2rdamedia
=338  \\$avolume$2rdacarrier
=876  \\$p308241071$zDonated by the Ashmolean Museum.
=904  \\$aOxford Local Record

