=LDR  00000nam a22000003i 4500
=005  20250712230651.0
=008  250713s1980||||cc\||||||||||||||\||eng||
=024  8\$aBAMBOO
=033  1\$a19801130$a19801201
=040  \\$aUkOxU$beng$erda$cUkOxU
=245  00$aCatalogue of Chinese hardstone carvings, ceramics, works of art and reference books.
=264  \1$aHong Kong :$bSoutheby Parke Bernet (Honk Kong) Ltd,$c[1980?]
=264  \\$a© 1980
=300  \\$a50 pages ;$c25 cm
=336  \\$atext$2rdacontent
=337  \\$aunmediated$2rdamedia
=338  \\$avolume$2rdacarrier
=500  \\$aincluding a collection of hardstone carvings comprising nephrite, jadeite, carnelian, rose, aventurine, amethystine and smoky quartz; a hardstone decorated screen and a pair of placques; also a group of early ceramics and celadons; Ming, transitional and Qing blue and white Fujian wares and Qing monochromes; 'famille-rose' and other enamelled wares; a large group of nineteenth century porcelain including many 'mark and period' wares; various works of art and a series of reference books relating to Chinese art.
=876  \\$p308241072$zDonated by the Ashmolean Museum.
=904  \\$aOxford Local Record

