=LDR  00000nam a22000003i 4500
=005  20250712230651.0
=008  250713s1980||||cc\||||||||||||||\||eng||
=024  8\$aBAIYU
=033  0\$a19801130
=040  \\$aUkOxU$beng$erda$cUkOxU
=245  00$aCatalogue of fine Chinese jades and works of art :$bincluding property sold for the benefit of an American college.
=264  \1$aHong Kong :$bSoutheby Parke Bernet (Honk Kong) Ltd,$c[1980?]
=300  \\$a62 pages ;$c25 cm
=336  \\$atext$2rdacontent
=337  \\$aunmediated$2rdamedia
=338  \\$avolume$2rdacarrier
=500  \\$aincluding a fine white jade zhadou; a pair of well carved white jade table screens; a large green jadeite figure of Wenshu; two brighty colored and well carved carnelian tree trunk vases; a fine large Qianlong cloisonné enamel vase; a group of Canton enamel wares; a rare inscribed duanqi inkstone.
=876  \\$p308241073$zDonated by the Ashmolean Museum.
=904  \\$aOxford Local Record

