=LDR  00000nam a22000003i 4500
=005  20250712230651.0
=008  250713s1981||||cc\||||||||||||||\||eng||
=024  8\$aREN YI
=033  0\$a1981122
=040  \\$aUkOxU$beng$erda$cUkOxU
=245  00$aCatalogue of modern and contemporary Chinese paintings.
=264  \1$aHong Kong :$bSoutheby Parke Bernet (Honk Kong) Ltd,$c[1981?]
=300  \\$aapproximately 64 pages ;$c25 cm
=336  \\$atext$2rdacontent
=337  \\$aunmediated$2rdamedia
=338  \\$avolume$2rdacarrier
=876  \\$p308241075$zDonated by the Ashmolean Museum.
=904  \\$aOxford Local Record

