=LDR  00000nam a22000003i 4500
=005  20250712230651.0
=008  250713s1981||||cc\||||||||||||||\||eng||
=024  8\$aPHOENIX
=033  1\$a19811126$a19811127
=040  \\$aUkOxU$beng$erda$cUkOxU
=245  00$aChinese ceramics, works of art, jades, textiles and reference books.
=264  \1$aHong Kong :$bSoutheby Parke Bernet (Honk Kong) Ltd,$c[1981?]
=264  \\$a© 1981
=300  \\$a67 pages ;$c25 cm
=336  \\$atext$2rdacontent
=337  \\$aunmediated$2rdamedia
=338  \\$avolume$2rdacarrier
=500  \\$aincluding a group of early ceramics and celadons; Ming, transitional and Qing blue and white Fujian wares and Qing monochromes; 'famille-rose' and other enamelled wares; a large group of nineteenth century porcelain including many 'mark and period' wares; bronzes, jades and other works of art; robes, hangings and Kesi tapestries and a series of reference books relating to Chinese art.
=876  \\$p308241076$zDonated by the Ashmolean Museum.
=904  \\$aOxford Local Record

