=LDR  00000nam a22000003i 4500
=005  20250712230651.0
=008  250713s1981||||cc\||||||||||||||\||eng||
=024  8\$aCHRYSANTHEMUM
=033  1\$a19810523$a19810524
=040  \\$aUkOxU$beng$erda$cUkOxU
=245  00$aChinese ceramics, hardstone carvings, works of art, textiles, rugs and reference books.
=264  \1$aHong Kong :$bSoutheby Parke Bernet (Honk Kong) Ltd,$c[1981?]
=264  \\$a© 1981
=300  \\$a63 pages ;$c25 cm
=336  \\$atext$2rdacontent
=337  \\$aunmediated$2rdamedia
=338  \\$avolume$2rdacarrier
=500  \\$aincluding a group of early ceramics and celadons; Ming, transitional and Qing blue and white Fujian wares and Qing monochromes; 'famille-rose' and other enamelled wares; a large group of nineteenth century porcelain including many 'mark and period' wares; bronze mirrors, bamboo carvings and other works of art; robes, hangings, Gesi tapestries and rugs and  a series of reference books relating to Chinese art.
=876  \\$p308241077$zDonated by the Ashmolean Museum.
=904  \\$aOxford Local Record

