=LDR  00000nam a22000003i 4500
=005  20250712230651.0
=008  250713s1981||||cc\||||||||||||||\||eng||
=024  8\$aPEONY
=033  0\$a19810520
=040  \\$aUkOxU$beng$erda$cUkOxU
=245  00$aCatalogue of fine Chinese ceramics and works of art.
=264  \1$aHong Kong :$bSoutheby Parke Bernet (Honk Kong) Ltd,$c[1981?]
=264  \\$a© 1981
=300  \\$a202 pages ;$c25 cm
=336  \\$atext$2rdacontent
=337  \\$aunmediated$2rdamedia
=338  \\$avolume$2rdacarrier
=500  \\$aincluding early ceramics: Yueyao, Tang sancai wares and a Tang camel; Junyao, Henan wares, Northern and Longquan celadons; an unrecorded Yuan splashed underglaze-red bottle; Yuan and Ming porcelain: a fourteenth century blue and white dish with rock and plants; a Yongle blue and white flower-scroll dish with barbed rim; a Xuande blue and white saucer dish with the three friends; a Chenghua Palace bowl painted with hibiscus scrolls; a Wanli wucai jar and a small Zhengde blue and yellow dish; Qing porcelain: a pair of small Yongzheng blue and white three friends jars; a Kangxi mark and period tiered blue and white box; Yongzheng blue and white and Qianlong turquoise ground moon flasks; a Kangxi peach-bloom amphora-shaped vase; a Qianlong celadon-glazed moon flask with carved dragons; a Yongzheng iron-red dragon vase and doucai wares;  a lemon-yellow ground Kanxi 'Yuzhi' winecup; a Daoguang 'famille-rose' hundred deer vase; works of art: Ming and Qing jade carvings; bronzes, enamels, rhinocerous horns and bamboo carvings.
=876  \\$p308241078$zDonated by the Ashmolean Museum.
=904  \\$aOxford Local Record

