=LDR  00000nam a22000003i 4500
=005  20250712230651.0
=008  250713s1979||||mc\||||||||||||||\||eng||
=024  8\$aDRAGON
=033  0\$a19790212
=040  \\$aUkOxU$beng$erda$cUkOxU
=245  00$aCeramiques, jades, objets d'art et tapis d'extrême orient :$bprovenant des collections Hochschild du Comte de la Panouse et des collections d'autres amateurs.
=264  \1$aMonte Carlo :$bSoutheby Parke Bernet Monaco SA,$c[1979?]
=264  \\$a© 1979
=300  \\$a102 pages ;$c25 cm
=336  \\$atext$2rdacontent
=337  \\$aunmediated$2rdamedia
=338  \\$avolume$2rdacarrier
=500  \\$atuiles faîtières, porcelaine émaillée bleu, bleu et turquoise et violet; famille verte; diverses porcelaines émaillées; blanc de Chine et porcelaine monochrome; procelaine à décor bleu sous couverte; famille rose et compagnie des Indes; émaux, laques, et ivoires, tapis et papies peints; jades, coraux et pierres dures et porcelaine du Japon.
=876  \\$p308241079$zDonated by the Ashmolean Museum.
=904  \\$aOxford Local Record

