=LDR  00000nam a22000003i 4500
=005  20250712230651.0
=008  250713s1979||||mc\||||||||||||||\||eng||
=024  8\$aRUDORFF
=033  0\$a19790421
=040  \\$aUkOxU$beng$erda$cUkOxU
=245  00$aSuccession Rudorff Deuxième vacation :$bCeramiques d'extrême-orient.
=264  \1$aMonte Carlo :$bSoutheby Parke Bernet Monaco SA,$c[1979?]
=264  \\$a© 1979
=300  \\$a59 pages ;$c25 cm
=336  \\$atext$2rdacontent
=337  \\$aunmediated$2rdamedia
=338  \\$avolume$2rdacarrier
=500  \\$adont deux superbes chimères en terre cuite à glaçure, époque T'ang; Vase couvert en terre cuite à glaçure paille; série de figurines en terre cuite; Ying-ts'ing, Ts'eu-tcheou et Ting-yao; rare coupe blanche époque Hong-tche; plat à décor gravé, époque Kia-tsing; céladons et autres céramiques Ming; grande statuette blanc-de-Chine de Kouan Yin; porcelaines monochromes Tsing et diverses autres pièces bleu et blanc époque Transition et Tsing et céladons coréens.
=876  \\$p308241080$zDonated by the Ashmolean Museum.
=904  \\$aOxford Local Record

