=LDR  00000nam a22000003i 4500
=005  20250712230651.0
=008  250713s1981||||mc\||||||||||||||\||eng||
=024  8\$aFAUCON
=033  0\$a19810209
=040  \\$aUkOxU$beng$erda$cUkOxU
=245  00$aImportante collection de la Compagnie des Indes et porcelaine de Chine :$bvente aux enchères publiques au Sporting d'Hiver, Monte Carlo.
=264  \1$aMonte Carlo :$bSoutheby Parke Bernet Monaco SA,$c[1981?]
=264  \\$a© 1981
=300  \\$a91 pages ;$c25 cm
=336  \\$atext$2rdacontent
=337  \\$aunmediated$2rdamedia
=338  \\$avolume$2rdacarrier
=500  \\$aorganisée en collaboration avec la Société des Bains de Mer.
=876  \\$p308241082$zDonated by the Ashmolean Museum.
=904  \\$aOxford Local Record

