=LDR  00000nam a22000003i 4500
=005  20250712230651.0
=008  250713s1977||||cau||||||||||||||\||eng||
=024  8\$aSALE 216
=033  1\$a19771024$a19771025$a19771026$a19771027
=040  \\$aUkOxU$beng$erda$cUkOxU
=245  00$aExhibition, Public Auction.
=264  \1$aLos Angeles :$bSoutheby Parke Bernet Los Angeles,$c[1977?]
=264  \\$a© 1977
=300  \\$aapproximately 280 pages ;$c24 cm
=336  \\$atext$2rdacontent
=337  \\$aunmediated$2rdamedia
=338  \\$avolume$2rdacarrier
=500  \\$atextiles, tapestries, oriental rugs and carpets; English and American furniture and decorations; French and other continental furniture and decorations; Japanese, netsuke, lacquer, inro, porcelain and works of art; Oriental porcelains and works of art; continental, American and English silver.
=876  \\$p308241083$zDonated by the Ashmolean Museum.
=904  \\$aOxford Local Record

