=LDR  00000nam a22000003i 4500
=005  20250712230651.0
=008  250713s2007||||cc\||||||||||||||\||eng||
=033  1\$a20070407$a20070408$a20070409$a20070410
=040  \\$aUkOxU$beng$erda$cUkOxU
=041  \\$aeng$achi
=245  00$aSoutheby's Hong Kong spring sales 2007.
=246  31$6880-01$aSoutheby's Hong Kong chun ji pai mai
=264  \1$aHong Kong :$bSoutheby's Hong Kong,$c[2007?]
=300  \\$aapproximately 20 pages ;$c30 cm
=336  \\$atext$2rdacontent
=337  \\$aunmediated$2rdamedia
=338  \\$avolume$2rdacarrier
=500  \\$acontemporary Chinese art; important Chinese art from the collection of a Parisian connoisseur; By Heavenly Mandate: importatn historical workds of art of the Qianlong reign; Chinese ceramics and works of art; fine Chinese paintings; important watches; magnificent jewels and jadeite.
=876  \\$p308241084$zDonated by the Ashmolean Museum.
=880  31$6246-01$aSoutheby's Hong Kong 春李拍賣
=904  \\$aOxford Local Record

