=LDR  00000nam a22000003i 4500
=005  20250712230651.0
=008  250713s2010||||cc\||||||||||||||\||eng||
=033  1\$a20101002$a20101003$a20101004$a20101005$a20101006$a20101007$a20101008
=040  \\$aUkOxU$beng$erda$cUkOxU
=041  \\$aeng$achi
=245  00$aSoutheby's Hong Kong autumn sales 2010.
=246  31$6880-01$aXianggang Sufubi 2010 qiu ji pai mai
=264  \1$aHong Kong :$bSoutheby's Hong Kong,$c[2010?]
=300  \\$a64 pages ;$c29 cm
=336  \\$atext$2rdacontent
=337  \\$aunmediated$2rdamedia
=338  \\$avolume$2rdacarrier
=876  \\$p308241085$zDonated by the Ashmolean Museum.
=880  31$6246-01$a香港蘇富比2010秋李拍賣
=904  \\$aOxford Local Record

