=LDR  00000nam a22000003i 4500
=005  20250712230651.0
=008  250713s2013||||cc\||||||||||||||\||eng||
=033  1\$a20131004$a20131005$a20131006$a20131007$a20131008
=040  \\$aUkOxU$beng$erda$cUkOxU
=041  \\$aeng$achi
=245  00$aSoutheby's Hong Kong autumn sales 2013 :$b40: Sotheby's 40 years in Asia.
=246  31$6880-01$aXianggang Sufubi 2013 qiu ji pai mai
=264  \1$aHong Kong :$bSoutheby's Hong Kong,$c[2013?]
=300  \\$aapproximately 42 pages ;$c27 cm
=336  \\$atext$2rdacontent
=337  \\$aunmediated$2rdamedia
=338  \\$avolume$2rdacarrier
=876  \\$p308241086$zDonated by the Ashmolean Museum.
=880  31$6246-01$a香港蘇富比2013秋李拍賣 :$b40: 蘇富比亞洲四十年
=904  \\$aOxford Local Record

