=LDR  00000nam a22000003i 4500
=005  20250712230651.0
=008  250713s1995||||cc\||||||||||||||\||eng||
=024  8\$aFRANCO
=033  0\$a19951015
=040  \\$aUkOxU$beng$erda$cUkOxU
=041  \\$aeng$achi
=245  04$aThe Johan Franco collection of works by Sanyu.
=246  31$6880-01$aYuehan, Falankou shou cang zhi chang yu zuo pin
=264  \1$aTaiwan :$bSoutheby's Taiwan Ltd.,$c[1995?]
=300  \\$aaproximately 76 pages ;$c27 cm
=336  \\$atext$2rdacontent
=337  \\$aunmediated$2rdamedia
=338  \\$avolume$2rdacarrier
=876  \\$p308241087$zDonated by the Ashmolean Museum.
=880  31$6246-01$a約翰·法蘭寇收藏之常玉作品
=904  \\$aOxford Local Record

